<?xml version="1.0" encoding="UTF-8"?><collection xmlns="http://www.loc.gov/MARC21/slim"><record><leader>00561nam--2200181-i-4500</leader><controlfield tag="001">000025639</controlfield><controlfield tag="002">20161230</controlfield><controlfield tag="005">20161230201036</controlfield><controlfield tag="008">060222s1000------------r-----000-0-eng-d</controlfield><datafield ind1=" " ind2=" " tag="040"><subfield code="a">IFIN-HH</subfield></datafield><datafield ind1=" " ind2=" " tag="080"><subfield code="a">533.951(061.3)</subfield></datafield><datafield ind1="1" ind2=" " tag="100"><subfield code="a">Auer, G</subfield></datafield><datafield ind1="1" ind2="0" tag="245"><subfield code="a">International congress waves and instabilities in plasmas innsbruck, austria, april 2-7, 1973</subfield><subfield code="b">Survey lectures</subfield><subfield code="c">G. Auer, F. Cap (Eds.)</subfield></datafield><datafield ind1=" " ind2=" " tag="260"><subfield code="a">Innsbruck, Institute For Theoretical Physics, 1973,</subfield></datafield><datafield ind1=" " ind2=" " tag="300"><subfield code="a">/P.DIF.</subfield></datafield><datafield ind1="1" ind2=" " tag="700"><subfield code="a">Cap, F</subfield></datafield><datafield ind1=" " ind2=" " tag="852"><subfield code="a">77235</subfield><subfield code="c">533.9</subfield></datafield><datafield ind1=" " ind2=" " tag="CAT"><subfield code="a">Sys</subfield><subfield code="c">20101002</subfield><subfield code="h">170016</subfield></datafield></record></collection>